@book{YeastWhite,
author={C. White and J. Zainasheff},
title={Yeast: the practical guide to beer fermentation},
publisher={Brewers Publications},
year={2010},
address={Colorado}
}

@incollection{FermentationMunroe,
author={J. H. Munroe},
title={Fermentation},
booktitle={Handbook of Brewing},
publisher={CRC Press},
edition={2},
year={2006},
editor={F.G. Priest and G.G. Stewart},
pages={487--524},
address={New York}
}
